@article{paper1,
author="you",
title="Paper title"}

@article{paper2,
author="you",
title="Paper title"}

@article{paper3,
author="you",
title="Paper title"}

@article{paper4,
author="you",
title="Paper title"}
